@misc{Definition,
  author = {},
  publisher = {Wikipedia},
  title = {Гравитационная задача N тел},
  year = {2022},
  note = {\textit{https://ru.wikipedia.org/wiki/
          \%D0\%93\%D1\%80\%D0\%B0\%D0\%B2\%D0\%B8\%D1\%82\%D0
          \%B0\%D1\%86\%D0\%B8\%D0\%BE\%D0\%BD\%D0\%BD\%D0\%B0
          \%D1\%8F\_\%D0\%B7\%D0\%B0\%D0\%B4\%D0\%B0\%D1\%87
          \%D0\%B0\_N\_\%D1\%82\%D0\%B5\%D0\%BB}},
  urldate = {2023-03-29}
}
@misc{Nvidia,
  author = {Lars Nyland, Mark Harris, Jan Prins},
  publisher = {GPU Gems 3},
  title = {Fast N-Body Simulation with CUDA},
  year = {2006},
  note = {\textit{https://developer.nvidia.com/gpugems/gpugems3/part-v-physics-simulation/chapter-31-fast-n-body-simulation-cuda}},
  urldate = {2023-03-29}
}
@misc{Verlet,
  author = {},
  publisher = {Wikipedia},
  title = {Verlet Integration},
  year = {2023},
  note = {\textit{https://en.wikipedia.org/wiki/Verlet\_integration}},
  urldate = {2023-03-29}
}
@misc{Barnes-Hut,
  author = {Tom Ventimiglia, Kevin Wayne},
  publisher = {alborjs.org},
  title = {The Barnes-Hut Algorithm},
  year = {2022},
  note = {\textit{http://arborjs.org/docs/barnes-hut}},
  urldate = {2023-03-29}
}
@misc{Thread,
  author = {Martin Burtscher, Keshav Pingali},
  publisher = {utexas.edu},
  title = {An Efficient CUDA Implementation of the Tree-Based Barnes Hut n-Body Algorithm},
  year = {2022},
  note = {\textit{https://iss.oden.utexas.edu/Publications/Papers/burtscher11.pdf}},
  urldate = {2023-03-29}
}
@misc{Nbody,
  author = {Salel},
  publisher = {github.com},
  title = {nbody},
  year = {2015},
  note = {\textit{https://github.com/salel/nbody/}},
  urldate = {2023-03-29}
}


